@article{chong2005,
   author={Chong, Siang Y. and Tan, Mei K. and White, Jonathon D.},
   title={Observing the Evolution of Neural Networks Learning to Play the Game of Othello},
   journal={IEEE Transactions on Evolutionary Computation},
   volume={9},
   year=2005,
   pages={240-251}
}

@article{chellapilla1999evolution,
  title={Evolution, neural networks, games, and intelligence},
  author={Chellapilla, Kumar and Fogel, David B},
  journal={Proceedings of the IEEE},
  volume={87},
  number={9},
  pages={1471--1496},
  year={1999},
  publisher={IEEE}
}