@article{chong2005,
   author={Chong, Siang Y. and Tan, Mei K. and White, Jonathon D.},
   title={Observing the Evolution of Neural Networks Learning to Play the Game of Othello},
   journal={IEEE Transactions on Evolutionary Computation},
   volume={9},
   year=2005,
   pages={240-251}
}

@article{chellapilla1999evolution,
  title={Evolution, neural networks, games, and intelligence},
  author={Chellapilla, Kumar and Fogel, David B},
  journal={Proceedings of the IEEE},
  volume={87},
  number={9},
  pages={1471--1496},
  year={1999},
  publisher={IEEE}
}

@TECHREPORT{Moriarty93evolvingcomplex,
    author = {David Moriarty and Risto Miikkulainen},
    title = {Evolving Complex Othello Strategies Using Marker-Based Genetic Encoding Of Neural Networks},
    institution = {},
    year = {1993}
}

@MISC{Leouski96whata,
    author = {Anton V. Leouski and Paul E. Utgoff},
    title = {What a Neural Network Can Learn about Othello},
    year = {1996}
}